<?xml version="1.0" encoding="UTF-8"?><record xmlns="http://www.loc.gov/MARC21/slim" xmlns:cinclude="http://apache.org/cocoon/include/1.0" xmlns:zs="http://www.loc.gov/zing/srw/">
  <leader>00474nz  a2200133n  4500</leader>
  <controlfield tag="001">no2007039835</controlfield>
  <controlfield tag="003">DLC</controlfield>
  <controlfield tag="005">20070412075128.0</controlfield>
  <controlfield tag="008">070402n| acannaabn          |n ana     c</controlfield>
  <datafield tag="010" ind1=" " ind2=" ">
    <subfield code="a">no2007039835</subfield>
  </datafield>
  <datafield tag="035" ind1=" " ind2=" ">
    <subfield code="a">(OCoLC)oca07379401</subfield>
  </datafield>
  <datafield tag="040" ind1=" " ind2=" ">
    <subfield code="a">CoU</subfield>
    <subfield code="b">eng</subfield>
    <subfield code="c">CoU</subfield>
  </datafield>
  <datafield tag="110" ind1="2" ind2=" ">
    <subfield code="a">Universitat de Lleida.</subfield>
    <subfield code="b">Departament de Pedagogía i Psicología</subfield>
  </datafield>
  <datafield tag="670" ind1=" " ind2=" ">
    <subfield code="a">Racismo, etnicidad y educación intercultural, 1996:</subfield>
    <subfield code="b">front flap (Departament de Pedagogía i Psicología, Universitat de Lleida)</subfield>
  </datafield>
</record>